<record><leader>00000cas a22000007a 4500</leader><controlfield tag="001">12868107</controlfield><controlfield tag="008">851204d18881918nyudn ne      0    0eng  </controlfield><controlfield tag="009">466</controlfield><datafield ind1=" " ind2=" " tag="010"><subfield code="a">sn 85042811 </subfield></datafield><datafield ind1=" " ind2=" " tag="040"><subfield code="a">DLC</subfield><subfield code="b">eng</subfield><subfield code="c">DLC</subfield><subfield code="d">NYS</subfield><subfield code="d">OCLCQ</subfield></datafield><datafield ind1="1" ind2=" " tag="029"><subfield code="a">AU@</subfield><subfield code="b">000024686295</subfield></datafield><datafield ind1=" " ind2=" " tag="042"><subfield code="a">msc</subfield></datafield><datafield ind1="0" ind2="0" tag="050"><subfield code="a">Newspaper 8829-X</subfield></datafield><datafield ind1="0" ind2="0" tag="245"><subfield code="a">Richfield Springs daily.</subfield></datafield><datafield ind1="1" ind2="3" tag="246"><subfield code="a">Richfield daily</subfield></datafield><datafield ind1=" " ind2=" " tag="260"><subfield code="a">Richfield Springs, N.Y. :</subfield><subfield code="b">Mungor &amp; Seamans</subfield></datafield><datafield ind1=" " ind2=" " tag="300"><subfield code="a">v. :</subfield><subfield code="b">ill. ;</subfield><subfield code="c">51 cm.</subfield></datafield><datafield ind1=" " ind2=" " tag="310"><subfield code="a">Daily (except Sunday)</subfield></datafield><datafield ind1="0" ind2=" " tag="362"><subfield code="a">Vol. 1, no. 1 (June 30, 1888)-</subfield></datafield><datafield ind1="1" ind2=" " tag="362"><subfield code="a">Ceased in 1918?</subfield><subfield code="z">Cf. Faibisoff, S.G.A bibl. of newspapers in fourteen N.Y. counties.</subfield></datafield><datafield ind1=" " ind2=" " tag="500"><subfield code="a">Published during July and August for the tourists of Richfield Springs.</subfield></datafield><datafield ind1=" " ind2=" " tag="500"><subfield code="a">Publishers: Mungor &amp; Seamans, 1888- ; F.E. Mungor, &lt;1898-1910&gt;; Mungor-Ackerly Co., &lt;1912&gt;-1917.</subfield></datafield><datafield ind1=" " ind2=" " tag="500"><subfield code="a">"Society." Cf. Ayer, 1900.</subfield></datafield><datafield ind1=" " ind2=" " tag="580"><subfield code="a">Weekly ed.: Richfield Springs Mercury.</subfield></datafield><datafield ind1=" " ind2="4" tag="651"><subfield code="a">Richfield Springs (N.Y.)</subfield><subfield code="v">Newspapers.</subfield></datafield><datafield ind1=" " ind2=" " tag="752"><subfield code="a">United States</subfield><subfield code="b">New York</subfield><subfield code="c">Otsego</subfield><subfield code="d">Richfield Springs.</subfield></datafield><datafield ind1="1" ind2=" " tag="775"><subfield code="t">Richfield Springs Mercury</subfield><subfield code="w">(DLC)sn 84026341</subfield></datafield></record>